<?xml version="1.0" encoding="UTF-8"?>
<record xmlns="http://www.loc.gov/MARC21/slim">
   <leader>01537cam a2200349 a 4500</leader>
   <controlfield tag="001">1689725</controlfield>
   <controlfield tag="003">NjP</controlfield>
   <controlfield tag="005">20190705143748.0</controlfield>
   <controlfield tag="008">891012s1965    iq           f000 0 araod</controlfield>
   <datafield tag="024" ind1="7" ind2=" ">
      <subfield code="a">princeton_aco004220</subfield>
      <subfield code="2">local</subfield>
   </datafield>
   <datafield ind1=" " ind2=" " tag="040">
      <subfield code="a">EYM</subfield>
      <subfield code="c">PUL</subfield>
      <subfield code="d">PUL</subfield>
   </datafield>
   <datafield ind1=" " ind2=" " tag="035">
      <subfield code="9">CFL3212TS</subfield>
   </datafield>
   <datafield ind1=" " ind2=" " tag="035">
      <subfield code="a">(NjP)1689725</subfield>
   </datafield>
   <datafield ind1=" " ind2="4" tag="050">
      <subfield code="a">ML 108</subfield>
      <subfield code="b">.K24 Suppl.</subfield>
   </datafield>
   <datafield ind1=" " ind2=" " tag="049">
      <subfield code="a">PULL</subfield>
   </datafield>
   <datafield ind1=" " ind2=" " tag="035">
      <subfield code="a">(OCoLC)ocm23503185</subfield>
   </datafield>
   <datafield ind1="1" ind2=" " tag="100">
      <subfield code="a">Kazim, A.</subfield>
   </datafield>
   <datafield ind1="1" ind2="3" tag="245">
      <subfield code="6">880-01</subfield>
      <subfield code="a">al-Mustadrak ʻalá kitāb al-Iṣṭilāḥāt al-mūsīqīyah /</subfield>
      <subfield code="c">iʻdād Ibrāhīm al-Dāqūqī.</subfield>
   </datafield>
   <datafield ind1=" " ind2=" " tag="260">
      <subfield code="6">880-02</subfield>
      <subfield code="a">Baghdād :</subfield>
      <subfield code="b">Wizārat al-Thaqāfah wa-al-Irshād, Mudīrīyat al-Thaqāfah al-ʻĀmmah,</subfield>
      <subfield code="c">1965.</subfield>
   </datafield>
   <datafield ind1=" " ind2=" " tag="300">
      <subfield code="a">105 p. ;</subfield>
      <subfield code="c">24 cm.</subfield>
   </datafield>
   <datafield ind1=" " ind2="0" tag="440">
      <subfield code="6">880-03</subfield>
      <subfield code="a">Silsilat al-kutub al-mutarjamah ;</subfield>
      <subfield code="v">mulḥaq bi-raqm 1</subfield>
   </datafield>
   <datafield ind1=" " ind2=" " tag="500">
      <subfield code="a">Title on added t.p.: Terminology of Oriental music, supplement.</subfield>
   </datafield>
   <datafield ind1="1" ind2=" " tag="700">
      <subfield code="6">880-04</subfield>
      <subfield code="a">Dāqūqī, Ibrāhīm.</subfield>
      <subfield code="e">tr.</subfield>
   </datafield>
   <datafield ind1="1" ind2=" " tag="700">
      <subfield code="a">Uz, Kâzım.</subfield>
      <subfield code="t">Talim musiki, yahud musiki ıstılahatı.</subfield>
   </datafield>
   <datafield ind1="0" ind2=" " tag="740">
      <subfield code="a">Terminology of Oriental music, supplement.</subfield>
   </datafield>
   <datafield ind1="1" ind2="2" tag="880">
      <subfield code="6">245-01/r</subfield>
      <subfield code="a">المستدرك على كتاب الاصطلاحات الموسيقية /</subfield>
      <subfield code="c">اعداد ابراهيم الداقوقي.</subfield>
   </datafield>
   <datafield ind1=" " ind2=" " tag="880">
      <subfield code="6">260-02/r</subfield>
      <subfield code="a">بغداد :</subfield>
      <subfield code="b">وزارة الثقافة والارشاد، مديرية الثقافة العامة،</subfield>
      <subfield code="c">1965.</subfield>
   </datafield>
   <datafield ind1=" " ind2="0" tag="880">
      <subfield code="6">440-03/r</subfield>
      <subfield code="a">سلسلة الكتب المترجمة ؛</subfield>
      <subfield code="v">ملحق برقم 1</subfield>
   </datafield>
   <datafield ind1="1" ind2=" " tag="880">
      <subfield code="6">700-04/r</subfield>
      <subfield code="a">داقوقي، ابراهيم.</subfield>
      <subfield code="e">tr.</subfield>
   </datafield>
   <datafield ind1=" " ind2=" " tag="947">
      <subfield code="a">CFL3212</subfield>
   </datafield>
   <datafield ind1=" " ind2=" " tag="911">
      <subfield code="a">20000130</subfield>
   </datafield>
   <datafield ind1=" " ind2=" " tag="994">
      <subfield code="a">C0</subfield>
      <subfield code="b">PUL</subfield>
   </datafield>
   <datafield ind1=" " ind2=" " tag="999">
      <subfield code="a">1689725</subfield>
   </datafield>
   <datafield ind1=" " ind2=" " tag="979">
      <subfield code="a">(OCoLC)ocn177935443</subfield>
   </datafield>
   <datafield ind1="8" ind2="0" tag="852">
      <subfield code="0">1946814</subfield>
      <subfield code="b">rcppa</subfield>
      <subfield code="t">0</subfield>
      <subfield code="h">2070.9365.366.6</subfield>
      <subfield code="x">tr fr anxa</subfield>
   </datafield>
   <datafield ind1=" " ind2=" " tag="959">
      <subfield code="a">2000-06-13 00:00:00 -0500</subfield>
   </datafield>
</record>
